%%%%%%%%%%%%%%%%%%%%%%%%%%%%%%%%%%%%%%%%%%%%%%%%%%%%%%%%%%%%%%%%%%%%%%%%%
%   Data Analytics Suite                                                %
%%%%%%%%%%%%%%%%%%%%%%%%%%%%%%%%%%%%%%%%%%%%%%%%%%%%%%%%%%%%%%%%%%%%%%%%%

@inproceedings{ghosh2011impact,
  title={The impact of real-time computerised video analysis and feedback on hand hygiene practice and technique on a surgical ward},
  author={Ghosh, A and Lacey, G and Gush, C and Barnes, S},
  booktitle={BMC proceedings},
  volume={5},
  number={6},
  pages={O52},
  year={2011},
  organization={BioMed Central}
}

@article{ghosh2013pilot,
  title={Pilot evaluation of a ward-based automated hand hygiene training system},
  author={Ghosh, Anarta and Ameling, Stefan and Zhou, Jiang and Lacey, Gerard and Creamer, Eilish and Dolan, Anthony and Sherlock, Orla and Humphreys, Hilary},
  journal={American journal of infection control},
  volume={41},
  number={4},
  pages={368--370},
  year={2013},
  publisher={Elsevier}
}

@misc{handwashpatentglanta,
  title={A hand washing monitoring system},
  author={Lacey G, Llorca DF},
  year={2007},
  month={May},
  publisher={Irish Patents Offuce},
  note={Irish Patent 2015665}
}

@article{Codd,
 author = {Codd, E. F.},
 title = {A Relational Model of Data for Large Shared Data Banks},
 journal = {Commun. ACM},
 issue_date = {June 1970},
 volume = {13},
 number = {6},
 month = jun,
 year = {1970},
 issn = {0001-0782},
 pages = {377--387},
 numpages = {11},
 url = {http://doi.acm.org/10.1145/362384.362685},
 doi = {10.1145/362384.362685},
 acmid = {362685},
 publisher = {ACM},
 address = {New York, NY, USA},
 keywords = {composition, consistency, data bank, data base, data integrity, data organization, data structure, derivability, hierarchies of data, join, networks of data, predicate calculus, redundancy, relations, retrieval language, security},
}

@online{who_handhygiene,
  author = "{World Health Organization}",
  title = {WHO Guidelines on Hand Hygiene in Health Care},
  url = {https://apps.who.int/iris/bitstream/handle/10665/44102/9789241597906_eng.pdf;sequence=1},
  note = {Accessed: 17-03-2019},
  year = {2009},
}

@inproceedings{halfond2006classification,
  title={A classification of SQL-injection attacks and countermeasures},
  author={Halfond, William G and Viegas, Jeremy and Orso, Alessandro and others},
  booktitle={Proceedings of the IEEE International Symposium on Secure Software Engineering},
  volume={1},
  pages={13--15},
  year={2006},
  organization={IEEE}
}

@inproceedings{amirtahmasebi2009survey,
  title={A survey of SQL injection defense mechanisms},
  author={Amirtahmasebi, Kasra and Jalalinia, Seyed Reza and Khadem, Saghar},
  booktitle={2009 International Conference for Internet Technology and Secured Transactions,(ICITST)},
  pages={1--8},
  year={2009},
  organization={IEEE}
}

@article{zeller2008cross,
  title={Cross-site request forgeries: Exploitation and prevention},
  author={Zeller, William and Felten, Edward W},
  journal={Bericht, Princeton University},
  year={2008}
}

@inproceedings{di2004identifying,
  title={Identifying cross site scripting vulnerabilities in web applications},
  author={Di Lucca, Giuseppe A and Fasolino, Anna Rita and Mastoianni, M and Tramontana, Porfirio},
  booktitle={Proceedings. Sixth IEEE International Workshop on Web Site Evolution},
  pages={71--80},
  year={2004},
  organization={IEEE}
}

@online{djangoaxes,
  author = "{Jazzband}",
  title = {Django Axes repository},
  url = {https://github.com/jazzband/django-axes},
  note = {Accessed: 18-03-2019},
  year={2019}
}

@online{apachesecurity,
  author = "{The Apache Software Foundation}",
  title = {Security Tips},
  url = {https://httpd.apache.org/docs/2.4/misc/security_tips.html},
  note = {Accessed: 18-03-2019}
}

@misc{hamano2005git,
  title={Git - fast version control system},
  author={Hamano, Junio and Torvalds, Linus},
  url = {https://git-scm.com},
  note = {Accessed: 30-07-2019},
  year={2005},
}

%%%%%%%%%%%%%%%%%%%%%%%%%%%%%%%%%%%%%%%%%%%%%%%%%%%%%%%%%%%%%%%%%%%%%%%%%
%   Production Optinmisation                                            %
%%%%%%%%%%%%%%%%%%%%%%%%%%%%%%%%%%%%%%%%%%%%%%%%%%%%%%%%%%%%%%%%%%%%%%%%%

@online{clonezilla,
  author = {Sun, Shiau, Wang and Tsai},
  title = {Clonezilla: A Next Generation Clone Solution for Cloud},
  url = {https://clonezilla.org/lecture-materials/010_OSC_Tokyo_Fall_2012/slides/OSC-Fall-Tokyo-2012-v9.pdf},
  note = {Accessed: 18-03-2019},
  year={2012}
}

@online{msftdeployment,
  author = "{Microsoft Corporation}",
  title = {Introduction to operating system deployment in System Center Configuration Manager},
  url = {https://docs.microsoft.com/en-us/sccm/osd/understand/introduction-to-operating-system-deployment},
  note = {Accessed: 29-07-2019},
  year={2016}
}

%%%%%%%%%%%%%%%%%%%%%%%%%%%%%%%%%%%%%%%%%%%%%%%%%%%%%%%%%%%%%%%%%%%%%%%%%
%   Realsense Camera with Unity and Android                             %
%%%%%%%%%%%%%%%%%%%%%%%%%%%%%%%%%%%%%%%%%%%%%%%%%%%%%%%%%%%%%%%%%%%%%%%%%


@online{androidart,
  author = "{Android Development Team}",
  title = {Android Runtime (ART) and Dalvik},
  url = {https://source.android.com/devices/tech/dalvik},
  note = {Accessed: 22-07-2019},
  year={2019}
}


@online{monoproject,
  author = "{The Mono Project}",
  url = {https://www.mono-project.com},
  note = {Accessed: 22-07-2019},
  year={2019}
}

@online{androidbuildproc,
  author = "{Android Development Team}",
  title = {Configure your build},
  url = {https://developer.android.com/studio/build},
  note = {Accessed: 21-04-2019},
  year={2019}
}

@online{odroid_xu4,   
  author = "{Hardkernel co., Ltd.}",
  title = {ODROID-XU4},
  url = {https://wiki.odroid.com/odroid-xu4/odroid-xu4},
  note = {Accessed: 26-05-2019},
  year = {2018},
}

@online{unitysuccessstory,
  author = {Novell},
  title = {OTEE Implements Award-Winning 3D Game},
  url = {http://www.go-mono.com/pdfs/Otee_v21.pdf},
  note = {Accessed: 22-04-2019},
  year={2006}
}

@online{d435,
  author = "{Intel Corporation}",
  title = {Intel® RealSense™ Depth Camera D435},
  url = {https://www.intelrealsense.com/depth-camera-d435/},
  note = {Accessed: 22-04-2019},
  year={2019}
}

@online{unityandroidjavaobject,
  author = "{Unity Technologies}",
  title = {AndroidJavaObject Documentation},
  url = {https://docs.unity3d.com/ScriptReference/AndroidJavaObject.html},
  note = {Accessed: 24-07-2019},
  year={2019}
}


@book{pierce2002types,
  title={Types and programming languages},
  author={Pierce, Benjamin C and Benjamin, C},
  year={2002},
  publisher={MIT press},
  pages={4-9},
}

// Potentially delete this reference
@book{usiskin2003mathematics,
  title={Mathematics for High School Teachers: An Advanced Perspective},
  author={Usiskin, Z. and Peressini, A.L.},
  isbn={9780130449412},
  lccn={2002072760},
  url={https://books.google.ie/books?id=eqQLAQAAMAAJ},
  year={2003},
  publisher={Pearson Education}
}

%%%%%%%%%%%%%%%%%%%%%%%%%%%%%%%%%%%%%%%%%%%%%%%%%%%%%%%%%%%%%%%%%%%%%%%%%
%   Intel Neural Compute Stick 2                                        %
%%%%%%%%%%%%%%%%%%%%%%%%%%%%%%%%%%%%%%%%%%%%%%%%%%%%%%%%%%%%%%%%%%%%%%%%%

@ARTICLE{7024073, 
author={B. {Barry} and C. {Brick} and F. {Connor} and D. {Donohoe} and D. {Moloney} and R. {Richmond} and M. {O'Riordan} and V. {Toma}}, 
journal={IEEE Micro}, 
title={Always-on Vision Processing Unit for Mobile Applications}, 
year={2015}, 
volume={35}, 
number={2}, 
 
keywords={computer vision;instruction sets;mobile computing;multiprocessing systems;system-on-chip;always-on vision processing unit;mobile applications;Myriad 2;always-on system-on-chip;computational imaging;visual awareness;wearable applications;embedded applications;instruction set architecture;microarchitectural features;sustainable performance efficiency;computer vision applications;low latency requirements;Embedded system;Computer architecture;Multicore processing;Graphics processing units;Computer vision;Computational efficiency;Memory management;Instruction sets;embedded systems;mobile;vector processor;vision processing unit;VPU;instruction set architecture;ISA;computer vision;computational imaging;hardware accelerator;SIMD;multicore;very long instruction word;VLIW;variable-length long instruction word;VLLIW;corner detection;multicore multiported memory subsystem}, 
doi={10.1109/MM.2015.10}, 
ISSN={0272-1732}, 
month={Mar},}

@InProceedings{Razavian_2014_CVPR_Workshops,
author = {Sharif Razavian, Ali and Azizpour, Hossein and Sullivan, Josephine and Carlsson, Stefan},
title = {CNN Features Off-the-Shelf: An Astounding Baseline for Recognition},
booktitle = {The IEEE Conference on Computer Vision and Pattern Recognition (CVPR) Workshops},
month = {June},
year = {2014}
}

@article{hopfield1982neural,
  title={Neural networks and physical systems with emergent collective computational abilities},
  author={Hopfield, John J},
  journal={Proceedings of the national academy of sciences},
  volume={79},
  number={8},
  pages={2554--2558},
  year={1982},
  publisher={National Acad Sciences}
}

@article{rumelhart1988learning,
  title={Learning representations by back-propagating errors},
  author={Rumelhart, David E and Hinton, Geoffrey E and Williams, Ronald J and others},
  journal={Cognitive modeling},
  volume={5},
  number={3},
  pages={1},
  year={1988}
}

@book{chartrand2010graphs,
  title={Graphs \& digraphs},
  author={Chartrand, Gary and Lesniak, Linda and Zhang, Ping},
  year={2010},
  publisher={Chapman and Hall/CRC}
}

@article{dijkstra1959note,
  title={A note on two problems in connexion with graphs},
  author={Dijkstra, Edsger W},
  journal={Numerische mathematik},
  volume={1},
  number={1},
  pages={269--271},
  year={1959},
  publisher={Springer}
}

@article{OH20041311,
  title = "GPU implementation of neural networks",
  journal = "Pattern Recognition",
  volume = "37",
  number = "6",
  pages = "1311 - 1314",
  year = "2004",
  issn = "0031-3203",
  author = "Kyoung-Su Oh and Keechul Jung",
}

@misc{chollet2015keras,
  title={Keras},
  author={Chollet, Fran\c{c}ois and others},
  year={2015},
  url = {https://keras.io},
}

@misc{tensorflow2015-whitepaper,
title={ {TensorFlow}: Large-Scale Machine Learning on Heterogeneous Systems},
url={https://www.tensorflow.org/},
note={Software available from tensorflow.org},
author={
    Martin~Abadi and
    Ashish~Agarwal and
    Paul~Barham and
    Eugene~Brevdo and
    Zhifeng~Chen and
    Craig~Citro and
    Greg~S.~Corrado and
    Andy~Davis and
    Jeffrey~Dean and
    Matthieu~Devin and
    Sanjay~Ghemawat and
    Ian~Goodfellow and
    Andrew~Harp and
    Geoffrey~Irving and
    Michael~Isard and
    Yangqing Jia and
    Rafal~Jozefowicz and
    Lukasz~Kaiser and
    Manjunath~Kudlur and
    Josh~Levenberg and
    Dandelion~Man\'{e} and
    Rajat~Monga and
    Sherry~Moore and
    Derek~Murray and
    Chris~Olah and
    Mike~Schuster and
    Jonathon~Shlens and
    Benoit~Steiner and
    Ilya~Sutskever and
    Kunal~Talwar and
    Paul~Tucker and
    Vincent~Vanhoucke and
    Vijay~Vasudevan and
    Fernanda~Vi\'{e}gas and
    Oriol~Vinyals and
    Pete~Warden and
    Martin~Wattenberg and
    Martin~Wicke and
    Yuan~Yu and
    Xiaoqiang~Zheng},
  year={2015},
}

@ARTICLE{5725236, 
author={S. {Van der Walt} and S. C. {Colbert} and G. {Varoquaux}}, 
journal={Computing in Science Engineering}, 
title={The NumPy Array: A Structure for Efficient Numerical Computation}, 
year={2011}, 
volume={13}, 
number={2}, 
pages={22-30}, 
keywords={data structures;high level languages;mathematics computing;numerical analysis;numerical computation;numpy array;numerical data;high level language;Python programming language;Arrays;Numerical analysis;Performance evaluation;Computational efficiency;Finite element methods;Vector quantization;Resource management;Python;NumPy;scientific programming;numerical computations;programming libraries}, 
doi={10.1109/MCSE.2011.37}, 
ISSN={1521-9615}, 
month={March},}

@article{vggnet,
  title={Very deep convolutional networks for large-scale image recognition},
  author={Simonyan, Karen and Zisserman, Andrew},
  journal={arXiv preprint arXiv:1409.1556},
  year={2014}
}

@online{learningratetypes,
  author = "{Suki Lau}",
  title = {Learning Rate Schedules and Adaptive Learning Rate Methods for Deep Learning},
  url = {https://towardsdatascience.com/learning-rate-schedules-and-adaptive-learning-rate-methods-for-deep-learning-2c8f433990d1},
  note = {Accessed: 27-07-2019},
  journal={towardsdatascience.com},
  year={2017}
}

@inproceedings{imagenet_cvpr09,
  AUTHOR = {Deng, J. and Dong, W. and Socher, R. and Li, L.-J. and Li, K. and Fei-Fei, L.},
  TITLE = {ImageNet: A Large-Scale Hierarchical Image Database},
  BOOKTITLE = {CVPR09},
  YEAR = {2009},
  BIBSOURCE = "http://www.image-net.org/papers/imagenet_cvpr09.bib"
  }

%%%%%%%%%%%%%%%%%%%%%%%%%%%%%%%%%%%%%%%%%%%%%%%%%%%%%%%%%%%%%%%%%%%%%%%%%
% Dataset Labelling                                                     %
%%%%%%%%%%%%%%%%%%%%%%%%%%%%%%%%%%%%%%%%%%%%%%%%%%%%%%%%%%%%%%%%%%%%%%%%%

@online{intelrosbag,
  author = "{Intel Corporation}",
  title = {Working with Recorded Camera Data from RealSense D400 series},
  url = {https://software.intel.com/en-us/blogs/2018/12/13/working-with-recorded-camera-data-from-realsense-d400-series},
  note = {Accessed: 05-06-2019},
  year={2018}
}

@article{boutell1997rfc,
  title={RFC 2083: PNG (Portable Network Graphics) Specification},
  author={Boutell, T and others},
  journal={IETF, March},
  year={1997}
}



@online{selenium,
  author = "{Selenium Contributors}",
  title = {Selenium - Web Browser Automation},
  url = {https://www.seleniumhq.org},
  note = {Accessed: 29-07-2019},
  year={2019}
}

@article{wiegand2003overview,
  title={Overview of the H. 264/AVC video coding standard},
  author={Wiegand, Thomas and Sullivan, Gary J and Bjontegaard, Gisle and Luthra, Ajay},
  journal={IEEE Transactions on circuits and systems for video technology},
  volume={13},
  number={7},
  pages={560--576},
  year={2003}
}

@online{ffmpeg,
  author = "{FFmpeg Developers}",
  title = {ffmpeg tool (Version 4.1.2) [Software]},
  url = {http://ffmpeg.org/},
  note = {Accessed: 05-06-2019},
  year={2019}
}

@online{flaskpocoo,
  author = "{The Pallets Team}",
  title = {Flask},
  url = {http://flask.pocoo.org},
  note = {Accessed: 08-06-2019},
  year={2019}
}

@techreport{fielding1999hypertext,
  title={Hypertext transfer protocol--HTTP/1.1},
  author={Fielding, Roy and Gettys, Jim and Mogul, Jeffrey and Frystyk, Henrik and Masinter, Larry and Leach, Paul and Berners-Lee, Tim},
  year={1999}
}

@article{yergeau1996utf,
  title={UTF-8, a transformation format of Unicode and ISO 10646},
  author={Yergeau, Franois},
  year={1996}
}

@misc{bray2017rfc,
  title={RFC 8259: The JavaScript Object Notation (JSON) Data Interchange Format. Internet Engineering Task Force (IETF)},
  author={Bray, T},
  year={2017}
}

@online{cropperjs,
  author = "{Chen Fengyuan}",
  title = {Cropper.js},
  url = {https://github.com/fengyuanchen/cropperjs},
  note = {Accessed: 09-06-2019},
  year={2019}
}

@book{Goodfellow-et-al-2016,
    title={Deep Learning},
    author={Ian Goodfellow and Yoshua Bengio and Aaron Courville},
    publisher={MIT Press},
    note={\url{http://www.deeplearningbook.org}},
    year={2016},
    pages={xiii-xvi}
}